<record><leader>00000cas a2200000 a 4500</leader><controlfield tag="001">10945785</controlfield><controlfield tag="008">840713d19841985iludn ne      0   a0eng c</controlfield><datafield ind1=" " ind2=" " tag="010"><subfield code="a">sn 84008745 </subfield></datafield><datafield ind1=" " ind2=" " tag="040"><subfield code="a">NSD</subfield><subfield code="b">eng</subfield><subfield code="c">NSD</subfield><subfield code="d">OCL</subfield><subfield code="d">NSD</subfield><subfield code="d">NVF</subfield><subfield code="d">CVF</subfield><subfield code="d">NVF</subfield><subfield code="d">OCLCQ</subfield><subfield code="d">OCLCF</subfield><subfield code="d">NVF</subfield><subfield code="d">OCLCO</subfield></datafield><datafield ind1=" " ind2=" " tag="012"><subfield code="m">d</subfield></datafield><datafield ind1=" " ind2=" " tag="019"><subfield code="a">12487732</subfield></datafield><datafield ind1="1" ind2=" " tag="022"><subfield code="a">8750-0396</subfield><subfield code="l">8750-0396</subfield><subfield code="2">1</subfield></datafield><datafield ind1="1" ind2=" " tag="029"><subfield code="a">AU@</subfield><subfield code="b">000022691972</subfield></datafield><datafield ind1=" " ind2=" " tag="032"><subfield code="a">139440</subfield><subfield code="b">USPS</subfield></datafield><datafield ind1=" " ind2=" " tag="037"><subfield code="b">Robert A. Shaw, 7803 Pyott Road, (Box 250) Crystal Lake, Ill. 60014</subfield></datafield><datafield ind1=" " ind2=" " tag="042"><subfield code="a">nsdp</subfield><subfield code="a">pcc</subfield></datafield><datafield ind1=" " ind2=" " tag="043"><subfield code="a">n-us-il</subfield></datafield><datafield ind1="0" ind2=" " tag="130"><subfield code="a">Herald (Crystal Lake, Ill.)</subfield></datafield><datafield ind1=" " ind2="4" tag="222"><subfield code="a">The Herald</subfield><subfield code="b">(Crystal Lake, Ill.)</subfield></datafield><datafield ind1="1" ind2="4" tag="245"><subfield code="a">The herald.</subfield></datafield><datafield ind1="1" ind2=" " tag="246"><subfield code="i">Published as:</subfield><subfield code="a">Crystal Lake herald</subfield><subfield code="f">July 8-Sept. 6, 1985</subfield></datafield><datafield ind1="1" ind2="7" tag="246"><subfield code="a">Northwest herald</subfield></datafield><datafield ind1=" " ind2=" " tag="260"><subfield code="a">[Crystal Lake, Ill.] :</subfield><subfield code="b">Shaw/Free Press Media Inc.,</subfield><subfield code="c">1984-1985.</subfield></datafield><datafield ind1=" " ind2=" " tag="310"><subfield code="a">Daily (except Saturday and Sunday)</subfield></datafield><datafield ind1="0" ind2=" " tag="362"><subfield code="a">June 11, 1984-Sept. 6, 1985.</subfield></datafield><datafield ind1=" " ind2=" " tag="500"><subfield code="a">"An edition of the Northwest Herald."</subfield></datafield><datafield ind1=" " ind2=" " tag="525"><subfield code="a">Has occasional supplements with title: Crystal Lake park district.</subfield></datafield><datafield ind1=" " ind2="0" tag="651"><subfield code="a">Crystal Lake (Ill.)</subfield><subfield code="v">Newspapers.</subfield></datafield><datafield ind1=" " ind2="7" tag="651"><subfield code="a">Illinois</subfield><subfield code="z">Crystal Lake.</subfield><subfield code="2">fast</subfield><subfield code="0">(OCoLC)fst01213447</subfield></datafield><datafield ind1=" " ind2="7" tag="655"><subfield code="a">Newspapers.</subfield><subfield code="2">fast</subfield><subfield code="0">(OCoLC)fst01423814</subfield></datafield><datafield ind1=" " ind2=" " tag="752"><subfield code="a">United States</subfield><subfield code="b">Illinois</subfield><subfield code="c">McHenry</subfield><subfield code="d">Crystal Lake.</subfield></datafield><datafield ind1="0" ind2="0" tag="780"><subfield code="t">Crystal Lake morning herald</subfield><subfield code="w">(DLC)sn 94054417</subfield><subfield code="w">(OCoLC)30786518</subfield></datafield><datafield ind1="0" ind2="4" tag="785"><subfield code="t">Northwest herald (Woodstock, Ill.)</subfield><subfield code="w">(DLC)sn 94054387</subfield><subfield code="w">(OCoLC)30790761</subfield></datafield></record>